@inproceedings{DBLP:conf/pldi/GulwaniJTV11,
  author       = {Sumit Gulwani and
                  Susmit Jha and
                  Ashish Tiwari and
                  Ramarathnam Venkatesan},
  editor       = {Mary W. Hall and
                  David A. Padua},
  title        = {Synthesis of loop-free programs},
  booktitle    = {Proceedings of the 32nd {ACM} {SIGPLAN} Conference on Programming
                  Language Design and Implementation, {PLDI} 2011, San Jose, CA, USA,
                  June 4-8, 2011},
  pages        = {62--73},
  publisher    = {{ACM}},
  year         = {2011},
  url          = {https://doi.org/10.1145/1993498.1993506},
  doi          = {10.1145/1993498.1993506},
  timestamp    = {Thu, 24 Jun 2021 16:19:30 +0200},
  biburl       = {https://dblp.org/rec/conf/pldi/GulwaniJTV11.bib},
  bibsource    = {dblp computer science bibliography, https://dblp.org}
}


@article{DBLP:journals/tcad/HaaswijkSMM20,
  author       = {Winston Haaswijk and
                  Mathias Soeken and
                  Alan Mishchenko and
                  Giovanni De Micheli},
  title        = {SAT-Based Exact Synthesis: Encodings, Topology Families, and Parallelism},
  journal      = {{IEEE} Trans. Comput. Aided Des. Integr. Circuits Syst.},
  volume       = {39},
  number       = {4},
  pages        = {871--884},
  year         = {2020},
  url          = {https://doi.org/10.1109/TCAD.2019.2897703},
  doi          = {10.1109/TCAD.2019.2897703},
  timestamp    = {Thu, 24 Sep 2020 11:28:12 +0200},
  biburl       = {https://dblp.org/rec/journals/tcad/HaaswijkSMM20.bib},
  bibsource    = {dblp computer science bibliography, https://dblp.org}
}

@inproceedings{DBLP:conf/icalp/BuchfuhrerU08,
  author    = {David Buchfuhrer and
               Christopher Umans},
  title     = {The Complexity of Boolean Formula Minimization},
  booktitle = {Automata, Languages and Programming},
  pages     = {24-35},
  publisher = {Springer},
  year      = {2008},
  doi       = {10.1007/978-3-540-70575-8\_3}
}

@book{brayton1984espresso,
  author    = {Robert K. Brayton and
               Gary D. Hachtel and
               Curt McMullen and
               Alberto Sangiovanni-Vincentelli},
  title     = {Logic minimization algorithms for {VLSI} synthesis},
  year      = {1984},
  series    = {The Springer International Series in Engineering and Computer Science},
  publisher = {Springer},
  doi       = {10.1007/978-1-4613-2821-6}
}

@techreport{Rudell:M86/65,
  author      = {Richard L. Rudell},
  title       = {Multiple-valued logic minimization for {PLA} synthesis},
  institution = {EECS Department, University of California, Berkeley},
  year        = {1986},
  url         = {http://www2.eecs.berkeley.edu/Pubs/TechRpts/1986/734.html},
}

@article{Souper,
  author       = {Raimondas Sasnauskas and
                  Yang Chen and
                  Peter Collingbourne and
                  Jeroen Ketema and
                  Jubi Taneja and
                  John Regehr},
  title        = {Souper: {A} Synthesizing Superoptimizer},
  journal      = {CoRR},
  volume       = {abs/1711.04422},
  year         = {2017},
  url          = {http://arxiv.org/abs/1711.04422},
  eprinttype    = {arXiv},
  eprint       = {1711.04422},
  timestamp    = {Mon, 02 Aug 2021 08:40:02 +0200},
  biburl       = {https://dblp.org/rec/journals/corr/abs-1711-04422.bib},
  bibsource    = {dblp computer science bibliography, https://dblp.org}
}

@inproceedings{CVC4,
  author    = {Clark W. Barrett and
               Christopher L. Conway and
               Morgan Deters and
               Liana Hadarean and
               Dejan Jovanovic and
               Tim King and
               Andrew Reynolds and
               Cesare Tinelli},
  editor    = {Ganesh Gopalakrishnan and
               Shaz Qadeer},
  title     = {{CVC4}},
  booktitle = {Computer Aided Verification - 23rd International Conference, {CAV}
               2011, Snowbird, UT, USA, July 14-20, 2011. Proceedings},
  series    = {Lecture Notes in Computer Science},
  volume    = {6806},
  pages     = {171--177},
  publisher = {Springer},
  year      = {2011},
  url       = {https://doi.org/10.1007/978-3-642-22110-1\_14},
  doi       = {10.1007/978-3-642-22110-1\_14},
  biburl    = {https://dblp.org/rec/conf/cav/BarrettCDHJKRT11.bib},
  bibsource = {dblp computer science bibliography, https://dblp.org}
}
